@inproceedings{Linter2022Megdiche,
    author = {Megdiche, Yecine and Huch, Fabian and Stevens, Lukas},
    year = {2022},
    title = {A Linter for Isabelle: Implementation and Evaluation},
    booktitle = {Isabelle Workshop},
    doi={10.48550/arXiv.2207.10424}
}

@inproceedings{Smells2010Olbrich,
author = {Olbrich, Steffen M. and Cruzes, Daniela S. and Sjo{\o}berg, Dag I.K.},
booktitle = {IEEE International Conference on Software Maintenance, ICSM},
doi = {10.1109/ICSM.2010.5609564},
title = {{Are all code smells harmful? A study of God Classes and Brain Classes in the evolution of three open source systems}},
year = {2010}
}

@article{Smells2014Yamashita,
author = {Yamashita, Aiko},
doi = {10.1007/s10664-013-9250-3},
journal = {Empirical Software Engineering},
number = {4},
pages = {1111--1143},
publisher = {Kluwer Academic Publishers},
title = {{Assessing the capability of code smells to explain maintenance problems: An empirical study combining quantitative and qualitative data}},
volume = {19},
year = {2014}
}

@article{SmellEeffectReview2018Santos,
author = {Santos, Jos{\'{e}} Amancio M. and Rocha-Junior, Jo{\~{a}}o B. and Prates, Luciana Carla Lins and do Nascimento, Rogeres Santos and Freitas, Mydi{\~{a}} Falc{\~{a}}o and de Mendon{\c{c}}a, Manoel Gomes},
doi = {10.1016/j.jss.2018.07.035},
journal = {Journal of Systems and Software},
pages = {450--477},
publisher = {Elsevier},
title = {{A systematic review on the code smell effect}},
volume = {144},
year = {2018}
}

@inproceedings{Smells2016Soh,
author = {Soh, Z{\'{e}}phyrin and Yamashita, Aiko and Khomh, Foutse and Gu{\'{e}}h{\'{e}}neuc, Yann Ga{\"{e}}l},
booktitle = {2016 IEEE 23rd International Conference on Software Analysis, Evolution, and Reengineering, SANER 2016},
doi = {10.1109/SANER.2016.103},
pages = {393--402},
publisher = {IEEE},
title = {{Do code smells impact the effort of different maintenance programming activities?}},
volume = {1},
year = {2016}
}

@article{Smells2012Sjoberg,
author = {Sjoberg, Dag I.K. and Yamashita, Aiko and Anda, Bente C.D. and Mockus, Audris and Dyba, Tore},
doi = {10.1109/TSE.2012.89},
journal = {IEEE Transactions on Software Engineering},
number = {8},
pages = {1144--1156},
publisher = {IEEE},
title = {{Quantifying the effect of code smells on maintenance effort}},
volume = {39},
year = {2013}
}

@inproceedings{Smell2009Olbrich,
author = {Olbrich, Steffen and Cruzes, Daniela S. and Basili, Victor and Zazworka, Nico},
booktitle = {2009 3rd International Symposium on Empirical Software Engineering and Measurement, ESEM 2009},
doi = {10.1109/ESEM.2009.5314231},
pages = {390--400},
title = {{The evolution and impact of code smells: A case study of two open source systems}},
year = {2009}
}

@inproceedings{Smell2011Zazworka,
address = {New York, NY, USA},
author = {Zazworka, Nico and Shaw, Michele A. and Shull, Forrest and Seaman, Carolyn},
booktitle = {Proceedings - International Conference on Software Engineering},
doi = {10.1145/1985362.1985366},
pages = {17--23},
publisher = {ACM},
title = {{Investigating the impact of design debt on software quality}},
year = {2011}
}

@inproceedings{SmellsRemoval2010Chatzigeorgiou,
author = {Chatzigeorgiou, Alexander and Manakos, Anastasios},
booktitle = {Proceedings - 7th International Conference on the Quality of Information and Communications Technology, QUATIC 2010},
doi = {10.1109/QUATIC.2010.16},
pages = {106--115},
title = {{Investigating the evolution of bad smells in object-oriented code}},
year = {2010}
}

@inproceedings{Smells2009Khomh,
author = {Khomh, Foutse and {Di Penta}, Massimiliano and Gu{\'{e}}h{\'{e}}neuc, Yann Ga{\"{e}}l},
booktitle = {Proceedings - Working Conference on Reverse Engineering, WCRE},
doi = {10.1109/WCRE.2009.28},
pages = {75--84},
title = {{An exploratory study of the impact of code smells on software change-proneness}},
year = {2009}
}

@inproceedings{Smells2014Ban,
author = {B{\'{a}}n, D{\'{e}}nes and Ferenc, Rudolf},
booktitle = {Lecture Notes in Computer Science (including subseries Lecture Notes in Artificial Intelligence and Lecture Notes in Bioinformatics)},
doi = {10.1007/978-3-319-09156-3\_25},
pages = {337--352},
publisher = {Springer},
title = {{Recognizing antipatterns and analyzing their effects on software maintainability}},
volume = {8583 LNCS},
year = {2014}
}

@inproceedings{SmellsPred2016Kaur,
author = {Kaur, Arvinder and Kaur, Kamaldeep and Jain, Shilpi},
booktitle = {2016 International Conference on Advances in Computing, Communications and Informatics, ICACCI 2016},
doi = {10.1109/ICACCI.2016.7732136},
pages = {746--754},
publisher = {IEEE},
title = {{Predicting software change-proneness with code smells and class imbalance learning}},
year = {2016}
}

@inproceedings{Smells2012Romano,
author = {Romano, Daniele and Raila, Paulius and Pinzger, Martin and Khomh, Foutse},
booktitle = {Proceedings - Working Conference on Reverse Engineering, WCRE},
doi = {10.1109/WCRE.2012.53},
pages = {437--446},
title = {{Analyzing the impact of antipatterns on change-proneness using fine-grained source code changes}},
year = {2012}
}

@article{Smells2011Khomh,
author = {Khomh, Foutse and Penta, Massimiliano Di and Gu{\'{e}}h{\'{e}}neuc, Yann Ga{\"{e}}l and Antoniol, Giuliano},
doi = {10.1007/s10664-011-9171-y},
journal = {Empirical Software Engineering},
number = {3},
pages = {243--275},
publisher = {Springer},
title = {{An exploratory study of the impact of antipatterns on class change- and fault-proneness}},
volume = {17},
year = {2012}
}

@article{Sikic2022,
author = {Sikic, Lucija and Kurdija, Adrian Satja and Vladimir, Klemo and Silic, Marin},
doi = {10.1109/ACCESS.2022.3144598},
journal = {IEEE Access},
pages = {10402--10415},
publisher = {IEEE},
title = {{Graph Neural Network for Source Code Defect Prediction}},
volume = {10},
year = {2022}
}

@article{SmellQualityReview2019Kaur,
author = {Kaur, Amandeep},
doi = {10.1007/s11831-019-09348-6},
journal = {Archives of Computational Methods in Engineering},
number = {4},
pages = {1267--1296},
publisher = {Springer},
title = {{A Systematic Literature Review on Empirical Analysis of the Relationship Between Code Smells and Software Quality Attributes}},
volume = {27},
year = {2020}
}

@inproceedings{Formal2022Huch,
address = {Cham},
author = {Huch, Fabian},
booktitle = {Intelligent Computer Mathematics},
editor = {Buzzard, Kevin and Kutsia, Temur},
pages = {147--161},
publisher = {Springer},
title = {{Formal Entity Graphs as Complex Networks: Assessing Centrality Metrics of the Archive of Formal Proofs}},
year = {2022}
}

@inproceedings{Smells2018Palomba,
address = {New York, NY, USA},
author = {Palomba, Fabio and Bavota, Gabriele and {Di Penta}, Massimiliano and Fasano, Fausto and Oliveto, Rocco and {De Lucia}, Andrea},
booktitle = {Proceedings of the 40th International Conference on Software Engineering},
doi = {10.1145/3180155.3182532},
pages = {482--482},
publisher = {ACM},
title = {{On the diffuseness and the impact on maintainability of code smells}},
year = {2018}
}

@article{Smells2013Yamashita,
author = {Yamashita, Aiko and Counsell, Steve},
doi = {10.1016/j.jss.2013.05.007},
journal = {Journal of Systems and Software},
number = {10},
pages = {2639--2653},
publisher = {Elsevier},
title = {{Code smells as system-level indicators of maintainability: An empirical study}},
volume = {86},
year = {2013}
}

@inproceedings{Smells2017Ban,
author = {B{\'{a}}n, D{\'{e}}nes},
booktitle = {Acta Cybernetica},
doi = {10.14232/actacyb.23.2.2017.3},
month = {jan},
pages = {471--490},
publisher = {University of Szeged},
title = {{The Connection between antipatterns and maintainability in firefox}},
volume = {23},
year = {2017}
}

@article{SmellsPred2020Mhawish,
author = {Mhawish, Mohammad Y. and Gupta, Manjari},
doi = {10.1007/s11390-020-0323-7},
journal = {Journal of Computer Science and Technology},
number = {6},
pages = {1428--1445},
publisher = {Springer},
title = {{Predicting Code Smells and Analysis of Predictions: Using Machine Learning Techniques and Software Metrics}},
volume = {35},
year = {2020}
}

@inproceedings{Smells2020Bessghaier,
author = {Bessghaier, Narjes and Ouni, Ali and Mkaouer, Mohamed Wiem},
booktitle = {Lecture Notes in Computer Science (including subseries Lecture Notes in Artificial Intelligence and Lecture Notes in Bioinformatics)},
doi = {10.1007/978-3-030-59592-0\_5},
pages = {67--84},
publisher = {Springer},
title = {{On the Diffusion and Impact of Code Smells in Web Applications}},
volume = {12409 LNCS},
year = {2020}
}

@article{Smells2021Bessghaier,
author = {Bessghaier, Narjes and Ouni, Ali and Mkaouer, Mohamed Wiem},
doi = {10.1007/s11219-021-09567-w},
journal = {Software Quality Journal},
number = {4},
pages = {901--941},
publisher = {Springer},
title = {{A longitudinal exploratory study on code smells in server side web applications}},
volume = {29},
year = {2021}
}

@article{SmellPred2016Fontana,
author = {{Arcelli Fontana}, Francesca and M{\"{a}}ntyl{\"{a}}, Mika V. and Zanoni, Marco and Marino, Alessandro},
doi = {10.1007/s10664-015-9378-4},
journal = {Empirical Software Engineering},
number = {3},
pages = {1143--1191},
publisher = {Springer},
title = {{Comparing and experimenting machine learning techniques for code smell detection}},
volume = {21},
year = {2016}
}

@inproceedings{SmellPred2018Nucci,
author = {{Di Nucci}, Dario and Palomba, Fabio and Tamburri, Damian A. and Serebrenik, Alexander and {De Lucia}, Andrea},
booktitle = {25th IEEE International Conference on Software Analysis, Evolution and Reengineering, SANER 2018 - Proceedings},
doi = {10.1109/SANER.2018.8330266},
pages = {612--621},
publisher = {IEEE},
title = {{Detecting code smells using machine learning techniques: Are we there yet?}},
volume = {2018},
year = {2018}
}

@misc{SmellPredOverview2019Azeem,
author = {Azeem, Muhammad Ilyas and Palomba, Fabio and Shi, Lin and Wang, Qing},
booktitle = {Information and Software Technology},
doi = {10.1016/j.infsof.2018.12.009},
pages = {115--138},
publisher = {Elsevier},
title = {{Machine learning techniques for code smell detection: A systematic literature review and meta-analysis}},
volume = {108},
year = {2019}
}

@article{GNNDefect2022Sikic,
author = {Sikic, Lucija and Kurdija, Adrian Satja and Vladimir, Klemo and Silic, Marin},
doi = {10.1109/ACCESS.2022.3144598},
journal = {IEEE Access},
pages = {10402--10415},
publisher = {IEEE},
title = {{Graph Neural Network for Source Code Defect Prediction}},
volume = {10},
year = {2022}
}

@misc{hamilton2018inductive,
 author = {Hamilton, Will and Ying, Zhitao and Leskovec, Jure},
 booktitle = {Advances in Neural Information Processing Systems},
 editor = {I. Guyon and U. Von Luxburg and S. Bengio and H. Wallach and R. Fergus and S. Vishwanathan and R. Garnett},
 pages = {},
 publisher = {Curran Associates},
 title = {Inductive Representation Learning on Large Graphs},
 doi = {10.48550/arXiv.1706.02216},
 volume = {30},
 year = {2017}
}

@inproceedings{
veličković2018graph,
title={Graph Attention Networks},
author={Petar Veličković and Guillem Cucurull and Arantxa Casanova and Adriana Romero and Pietro Liò and Yoshua Bengio},
booktitle={International Conference on Learning Representations},
year={2018},
doi={10.48550/arXiv.1710.10903},
}

@book{beck1999bad,
  title={Bad smells in code},
  author={Fowler, Martin and Beck, Kent and Brant, John and Opdyke, William and Roberts, Don},
  year={1999},
  pages={75--88},
  isbn={0-201-48567-2},
  publisher={Addison-Wesley}
}

@misc{touvron2023llama,
      title={LLaMA: Open and Efficient Foundation Language Models}, 
      author={Hugo Touvron and Thibaut Lavril and Gautier Izacard and Xavier Martinet and Marie-Anne Lachaux and Timothée Lacroix and Baptiste Rozière and Naman Goyal and Eric Hambro and Faisal Azhar and Aurelien Rodriguez and Armand Joulin and Edouard Grave and Guillaume Lample},
      year={2023},
      eprint={2302.13971},
      archivePrefix={arXiv},
      primaryClass={cs.CL},
      doi={10.48550/arXiv.2302.13971},
}
